@inproceedings{Filotheou2018,
author = {Filotheou, Alexandros and Nikou, Alexandros and Dimarogonas, Dimos V.},
booktitle = {2018 European Control Conference (ECC)},
doi = {10.23919/ECC.2018.8550343},
isbn = {978-3-9524-2698-2},
month = {jun},
pages = {8--13},
publisher = {IEEE},
title = {{Decentralized Control of Uncertain Multi-Agent Systems with Connectivity Maintenance and Collision Avoidance}},
url = {https://ieeexplore.ieee.org/document/8550343/},
year = {2018}
}
@article{Filotheou2020,
author = {Filotheou, Alexandros and Nikou, Alexandros and Dimarogonas, Dimos V.},
doi = {10.1080/00207179.2018.1514129},
issn = {0020-7179},
journal = {International Journal of Control},
month = {jun},
number = {6},
pages = {1470--1484},
title = {{Robust decentralised navigation of multi-agent systems with collision avoidance and connectivity maintenance using model predictive controllers}},
url = {https://www.tandfonline.com/doi/full/10.1080/00207179.2018.1514129},
volume = {93},
year = {2020}
}
